%%
%% This BibTeX bibliography file was created using BibDesk. (MAC OS Only)
%% http://bibdesk.sourceforge.net/
%%

%%
%% Created for Lauro Cesar Araujo at 2013-08-21 10:57:09 -0300
%% Saved with string encoding Unicode (UTF-8)
%%

%
% Graphical Java application for managing BibTeX and BibLaTeX (.bib) databases (Windows/Linux/MAC)
% https://github.com/JabRef/jabref
%
% BibDesk-like software for Windows
% https://tex.stackexchange.com/questions/9454/bibdesk-like-software-for-windows
%
% LaTeX Bibliography Management
% https://en.wikibooks.org/wiki/LaTeX/Bibliography_Management#BibTeX
%
%
% $ date "+%Y-%m-%d %H:%M:%S"
% 2017-08-28 09:18:02
%
% YYYY-MM-DD format date in shell script
% https://stackoverflow.com/questions/1401482/yyyy-mm-dd-format-date-in-shell-script
%

@incollection{WarrenBrandeis1890,
  author    = {Warren, Samuel and Brandeis, Louis},
  title     = {The Right to Privacy},
  booktitle = {Killing the Messenger: 100 Years of Media Criticism},
  publisher = {Columbia University Press},
  year      = {1989},
  pages     = {1-21},
  origdate  = {1890}
}

@book{Westin1967,
  author    = {Westin, Alan F.},
  title     = {Privacy and Freedom},
  publisher = {Atheneum},
  year      = {1967},
  address   = {New York}
}

@misc{Brasil2018lgpd,
  author       = {{Brasil}},
  title        = {Lei n\textsuperscript{o} 13.709, de 14 de agosto de 2018},
  howpublished = {Lei Geral de Proteção de Dados Pessoais (LGPD)},
  year         = {2018},
  note         = {Disponível em: \url{http://www.planalto.gov.br/ccivil_03/_ato2015-2018/2018/lei/l13709.htm}. Acesso em: 16 ago. 2025}
}

@book{Nissenbaum2009,
  author    = {Nissenbaum, Helen},
  title     = {Privacy in Context: Technology, Policy, and the Integrity of Social Life},
  publisher = {Stanford University Press},
  year      = {2009},
  address   = {Stanford, CA}
}

@incollection{Zuboff2019,
  author    = {Zuboff, Shoshana},
  title     = {The Age of Surveillance Capitalism},
  booktitle = {Social Theory Re-wired},
  publisher = {Routledge},
  year      = {2023},
  pages     = {203-213},
  origdate  = {2019}
}

@article{TefferViola2020,
  author    = {de Teffé, Chiara Spadaccini and Viola, Mario},
  title     = {Tratamento de dados pessoais na LGPD: estudo sobre as bases legais},
  journal   = {Civilistica.com},
  volume    = {9},
  number    = {1},
  pages     = {1-38},
  year      = {2020},
  issn      = {2316-8374}
}

@article{Belle2015,
  author    = {Belle, Ashwin and Chi, Ran and et al.},
  title     = {Big data analytics in healthcare},
  journal   = {BioMed Research International},
  volume    = {2015},
  year      = {2015},
  pages     = {370194},
  doi       = {10.1155/2015/370194}
}

@book{NationalResearchCouncil2011,
  author    = {{National Research Council}},
  title     = {Toward Precision Medicine: Building a Knowledge Network for Biomedical Research and a New Taxonomy of Disease},
  publisher = {The National Academies Press},
  year      = {2011},
  address   = {Washington, DC},
  doi       = {10.17226/13284}
}

@article{Liu2025,
  author    = {Liu, Tianyi and et al.},
  title     = {Machine learning based prediction models for cardiovascular disease risk using electronic health records data: systematic review and meta-analysis},
  journal   = {European Heart Journal-Digital Health},
  volume    = {6},
  number    = {1},
  pages     = {7--22},
  year      = {2025},
  doi       = {10.1093/ehjdh/ztad078}
}

@article{Pennisi2025,
  author    = {Pennisi, Flavia and et al.},
  title     = {The Role of Artificial Intelligence and Machine Learning Models in Antimicrobial Stewardship in Public Health: A Narrative Review},
  journal   = {Antibiotics},
  volume    = {14},
  number    = {2},
  pages     = {134},
  year      = {2025},
  doi       = {10.3390/antibiotics14020134}
}

@article{Zuo2021Data,
  author    = {Zuo, Zilu and Watson, Matthew and Budgen, David and Hall, Richard and Kennelly, Charles and Al Moubayed, Noura},
  title     = {Data Anonymization for Pervasive Health Care: Systematic Literature Mapping Study},
  journal   = {JMIR Medical Informatics},
  volume    = {9},
  number    = {10},
  pages     = {e29871},
  year      = {2021},
  doi       = {10.2196/29871},
  url       = {https://medinform.jmir.org/2021/10/e29871}
}

@article{Olatunji2024,
  author    = {Olatunji, Idowu E. and Rauch, Johann and Katzensteiner, Michael and Khosla, Megha},
  title     = {A Review of Anonymization for Healthcare Data},
  journal   = {Big Data},
  volume    = {12},
  number    = {6},
  pages     = {538--555},
  year      = {2024},
  month     = {dec},
  doi       = {10.1089/big.2021.0169},
  pmid      = {35271377}
}

@book{ElEmam2013,
  author    = {El Emam, Khaled and Arbuckle, Luk},
  title     = {Anonymizing Health Data: Case Studies and Methods to Get You Started},
  publisher = {O'Reilly Media, Inc.},
  year      = {2013}
}

@article{Vovk2023,
  author    = {Vovk, Olga and Piho, Gunnar and Ross, Peeter},
  title     = {Methods and tools for healthcare data anonymization: a literature review},
  journal   = {International Journal of General Systems},
  volume    = {52},
  number    = {3},
  pages     = {326--342},
  year      = {2023},
  doi       = {10.1080/03081079.2023.2185764}
}

@article{Sepas2022,
  author    = {Sepas, Ali and Bangash, Ali Haider and Alraoui, Omar and El Emam, Khaled and El-Hussuna, Alaa},
  title     = {Algorithms to anonymize structured medical and healthcare data: A systematic review},
  journal   = {Frontiers in Bioinformatics},
  volume    = {2},
  year      = {2022},
  doi       = {10.3389/fbinf.2022.984807},
  issn      = {2673-7647}
}

@book{ibge1993,
    Address = {Rio de Janeiro},
    Author = {IBGE},
    Edition = {3},
    Organization = {http://biblioteca.ibge.gov.br/visualizacao/livros/liv23907.pdf},
    Publisher = {Centro de Documentação e Disseminação de Informações. Fundação Instituto Brasileiro de Geografia e Estatística},
    Title = {Normas de apresentação tabular},
    Urlaccessdate = {2013-08-21},
    Year = {1993}}

@misc{abntex2-wiki-como-customizar,
    Author = {abnTeX2},
    Howpublished = {Wiki do abnTeX2},
    Keywords = {wiki},
    Title = {Como customizar o abnTeX2},
    Url = {https://code.google.com/p/abntex2/wiki/ComoCustomizar},
    Urlaccessdate = {2013-03-23},
    Year = {2013},
    Bdsk-Url-1 = {https://code.google.com/p/abntex2/wiki/ComoCustomizar}}

@manual{talbot2012,
    Author = {Nicola L.C. Talbot},
    Month = {11},
    Title = {User Manual for glossaries.sty},
    Url = {http://mirrors.ctan.org/macros/latex/contrib/glossaries/glossaries-user.pdf},
    Urlaccessdate = {2013-03-11},
    Year = {2012},
    Bdsk-Url-1 = {http://mirrors.ctan.org/macros/latex/contrib/glossaries/glossaries-user.pdf}}

@manual{babel,
    Author = {Johannes Braams},
    Month = {04},
    Title = {Babel, a multilingual package for use with LATEX's standard document classes},
    Url = {http://mirrors.ctan.org/info/babel/babel.pdf},
    Urlaccessdate = {2013-02-17},
    Year = {2008},
    Bdsk-Url-1 = {http://mirrors.ctan.org/info/babel/babel.pdf}}

@manual{abntex2modelo-artigo,
    Annote = {Este documento é derivado do \cite{abnt-bibtex-doc}},
    Author = {abnTeX2},
    Organization = {Equipe abnTeX2},
    Title = {Modelo Canônico de Artigo Científico com abnTeX2},
    Url = {http://abntex2.googlecode.com/},
    Year = {2013},
    Bdsk-Url-1 = {http://code.google.com/p/abntex2/}}

@manual{abntex2modelo-relatorio,
    Annote = {Este documento é derivado do \cite{abnt-bibtex-doc}},
    Author = {abnTeX2},
    Organization = {Equipe abnTeX2},
    Title = {Modelo Canônico de Relatório Técnico e/ou Científico com abnTeX2},
    Url = {http://abntex2.googlecode.com/},
    Year = {2013},
    Bdsk-Url-1 = {http://code.google.com/p/abntex2/}}

@manual{abntex2modelo,
    Annote = {Este documento é derivado do \cite{abnt-bibtex-doc}},
    Author = {abnTeX2},
    Organization = {Equipe abnTeX2},
    Title = {Modelo Canônico de Trabalho Acadêmico com abnTeX2},
    Url = {http://abntex2.googlecode.com/},
    Year = {2013},
    Bdsk-Url-1 = {http://code.google.com/p/abntex2/}}

@mastersthesis{araujo2012,
    Address = {Brasília},
    Author = {Lauro César Araujo},
    Month = {03},
    School = {Universidade de Brasília},
    Subtitle = {uma perspectiva de {A}rquitetura da {I}nformação da {E}scola de {B}rasília},
    Title = {Configuração},
    Year = {2012}}

@manual{memoir,
    Address = {Normandy Park, WA},
    Author = {Peter Wilson and Lars Madsen},
    Organization = {The Herries Press},
    Title = {The Memoir Class for Configurable Typesetting - User Guide},
    Url = {http://mirrors.ctan.org/macros/latex/contrib/memoir/memman.pdf},
    Urlaccessdate = {2012-12-19},
    Year = {2010},
    Bdsk-Url-1 = {http://ctan.tche.br/macros/latex/contrib/memoir/memman.pdf}}

@manual{abntex2cite-alf,
    Annote = {Este documento é derivado do \cite{abnt-bibtex-alf-doc}},
    Author = {abnTeX2 and Lauro César Araujo},
    Organization = {Equipe abnTeX2},
    Title = {O pacote abntex2cite: tópicos específicos da ABNT NBR 10520:2002 e o estilo bibliográfico alfabético (sistema autor-data)},
    Url = {http://abntex2.googlecode.com/},
    Year = {2013},
    Bdsk-Url-1 = {http://code.google.com/p/abntex2/}}

@manual{abntex2cite,
    Annote = {Este documento é derivado do \cite{abnt-bibtex-doc}},
    Author = {abnTeX2 and Lauro César Araujo},
    Organization = {Equipe abnTeX2},
    Title = {O pacote abntex2cite: Estilos bibliográficos compatíveis com a ABNT NBR 6023},
    Url = {http://abntex2.googlecode.com/},
    Year = {2013},
    Bdsk-Url-1 = {http://code.google.com/p/abntex2/}}

@manual{abntex2classe,
    Author = {abnTeX2 and Lauro César Araujo},
    Organization = {Equipe abnTeX2},
    Title = {A classe abntex2: Modelo canônico de trabalhos acadêmicos brasileiros compatível com as normas ABNT NBR 14724:2011, ABNT NBR 6024:2012 e outras},
    Url = {http://abntex2.googlecode.com/},
    Year = {2013},
    Bdsk-Url-1 = {http://code.google.com/p/abntex2/}}

@manual{NBR10520:2002,
    Address = {Rio de Janeiro},
    Month = {08},
    Org-Short = {ABNT},
    Organization = {Associação Brasileira de Normas Técnicas},
    Pages = 7,
    Subtitle = {Informação e documentação --- Apresentação de citações em documentos},
    Title = {{NBR} 10520},
    Year = 2002}

@manual{NBR6024:2012,
    Address = {Rio de Janeiro},
    Month = {02},
    Org-Short = {ABNT},
    Organization = {Associação Brasileira de Normas Técnicas},
    Pages = 4,
    Subtitle = {Numeração progressiva das seções de um documento},
    Title = {{NBR} 6024},
    Year = 2012}

@manual{NBR6028:2003,
    Address = {Rio de Janeiro},
    Month = {11},
    Org-Short = {ABNT},
    Organization = {Associação Brasileira de Normas Técnicas},
    Pages = 2,
    Subtitle = {Resumo - Apresentação},
    Title = {{NBR} 6028},
    Year = 2003}

@manual{NBR14724:2001,
    Address = {Rio de Janeiro},
    Month = {07},
    Org-Short = {ABNT},
    Organization = {Associação Brasileira de Normas Técnicas},
    Pages = 6,
    Subtitle = {Informação e documentação --- trabalhos acadêmicos --- apresentação},
    Title = {{NBR} 14724},
    Year = 2001}

@manual{NBR14724:2002,
    Address = {Rio de Janeiro},
    Month = {08},
    Org-Short = {ABNT},
    Organization = {Associação Brasileira de Normas Técnicas},
    Pages = 6,
    Subtitle = {Informação e documentação --- trabalhos acadêmicos --- apresentação},
    Title = {{NBR} 14724},
    Year = 2002}

@manual{NBR14724:2005,
    Address = {Rio de Janeiro},
    Month = {12},
    Org-Short = {ABNT},
    Organization = {Associação Brasileira de Normas Técnicas},
    Pages = 9,
    Subtitle = {Informação e documentação --- trabalhos acadêmicos --- apresentação},
    Title = {{NBR} 14724},
    Year = 2005}

@manual{NBR14724:2011,
    Address = {Rio de Janeiro},
    Month = {03},
    Note = {Substitui a Ref.~\textcite{NBR14724:2005}},
    Org-Short = {ABNT},
    Organization = {Associação Brasileira de Normas Técnicas},
    Pages = 15,
    Subtitle = {Informação e documentação --- trabalhos acadêmicos --- apresentação},
    Title = {{NBR} 14724},
    Year = 2011}

@article{van86,
    Author = {{van}, Gigch, John P. and Leo L. Pipino},
    Journal = {Future Computing Systems},
    Number = {1},
    Pages = {71-97},
    Title = {In search for a paradigm for the discipline of information systems},
    Volume = {1},
    Year = {1986}}

@phdthesis{guizzardi2005,
    Address = {Enschede, The Netherlands},
    Author = {Giancarlo Guizzardi},
     School = {Centre for Telematics and Information Technology, University of Twente},
    Title = {Ontological Foundations for Structural Conceptual Models},
    Url = {http://www.loa.istc.cnr.it/Guizzardi/SELMAS-CR.pdf},
    Urlaccessdate = {2011-07-03},
    Year = {2005}}

@mastersthesis{macedo2005,
    Author = {Flávia L. Macedo},
    Keywords = {arquitetura da informação},
    School = {Universidade de Brasília},
    Title = {Arquitetura da Informação: aspectos espistemológicos, científicos e práticos.},
    Type = {Dissertação de Mestrado},
    Year = {2005}}

@manual{EIA649B,
    Address = {EUA},
    Keywords = {norma},
    Month = {06},
    Organization = {TechAmerica},
    Title = {ANSI/EIA 649-B: Configuration Management Standard},
    Year = {2011}}

@inproceedings{masolo2010,
    Author = {Claudio Masolo},
    Booktitle = {Proceedings of the Twelfth International Conference on the Principles of Knowledge Representation and Reasoning (KR 2010)},
    Editor = {Lin, F. and Sattler, U.},
    Pages = {258-268},
    Publisher = {AAAI Press},
    Title = {Understanding Ontological Levels},
    Url = {http://wiki.loa-cnr.it/Papers/kr10v0.7.pdf},
    Urlaccessdate = {2012-01-02},
    Year = {2010},
    Bdsk-Url-1 = {http://wiki.loa-cnr.it/Papers/kr10v0.7.pdf}}

@inbook{guarino1995,
    Address = {Vienna},
    Author = {Nicola Guarino},
    Booktitle = {Philosophy and the Cognitive Science},
    Editor = {R. Casati and B. Smith and G. White},
    Month = {09},
    Pages = {443-456},
    Publisher = {Holder-Pivhler-Tempsky},
    Title = {The Ontological Level},
    Url = {http://wiki.loa-cnr.it/Papers/OntLev.pdf},
    Urlaccessdate = {2012-01-02},
    Year = {1995},
    Bdsk-Url-1 = {http://wiki.loa-cnr.it/Papers/OntLev.pdf}}

@incollection{bates2010,
    Address = {New York},
    Author = {Marcia J. Bates},
    Booktitle = {Encyclopedia of Library and Information Sciences},
    Edition = {3rd},
    Editor = {Marcia J. Bates and Mary Niles Maack},
    Pages = {2347-2360},
    Publisher = {CRC Press},
    Title = {Information},
    Url = {http://pages.gseis.ucla.edu/faculty/bates/articles/information.html},
    Urlaccessdate = {2011-10-24},
    Volume = {3},
    Year = {2010}}

@book{doxiadis1965,
    Author = {Constantinos A. Doxiadis},
    Publisher = {Ceira - Coimbra},
    Title = {Arquitetura em Transição},
    Year = {1965}}

@book{dewey1980,
    Address = {New York, NY, USA},
    Author = {John Dewey},
    Publisher = {Perigee Books},
    Title = {Art as Experience},
    Year = {1980}}
